@book{GoodrichAndTamassia2013,
	title={Estruturas de Dados \& Algoritmos em Java},
	author={Goodrich, Michael T and Tamassia, Roberto},
	year={2013},
	publisher={Bookman Editora},
	edition={5th}
}

@book{GoodrichEtAl2014,
	title={Data structures and algorithms in Java},
	author={Goodrich, Michael T and Tamassia, Roberto and Goldwasser, Michael H},
	year={2014},
	publisher={John Wiley \& Sons},
	edition={6th}
}

@book{Preiss2001,
	title={Estruturas de dados e algoritmos: padr{\~o}es de projetos orientados a objetos com Java},
	author={Preiss, Bruno R},
	year={2001},
	publisher={Campus}
}

@book{EdelweissAndGalante2009,
	title={Estruturas de Dados: Volume 18},
	author={Edelweiss, Nina and Galante, Renata},
	year={2009},
	publisher={Bookman Editora}
}

@misc{Pereira2008,
	title={Estruturas de Dados Fundamentais: Conceitos e Aplicações},
	author={Pereira, Silvio do Lago},
	publisher={Érica},
	year={2008}
}

@book{Lafore2004,
	title={Estruturas de dados \& Algoritmos em Java},
	author={Lafore, Robert and Machado, Eveline Vieira},
	year={2004},
	publisher={Ci{\^e}ncia Moderna}
}

@book{SzwarcfiterAndMarkenzon1994,
	title={Estruturas de Dados e seus Algoritmos},
	author={Szwarcfiter, Jayme Luiz and Markenzon, Lilian},
	volume={2},
	year={2009},
	publisher={Livros T{\'e}cnicos e Cient{\'\i}ficos}
}

@book{SedgewickAndWayne2011,
	title={Algorithms},
	author={Sedgewick, Robert and Wayne, Kevin},
	year={2011},
	publisher={Addison-Wesley Professional}
}

@book{DeitelAndDeitel2010,
	title={Java: Como Programar},
	author={Deitel, Harvey M and Deitel, Paul J},
	year={2010},
	publisher={S{\~a}o Paulo: Prentice Hall},
	edition={6}
}

@book{Ziviani2010,
	title={Projeto de Algoritmos com Implementa'{\c{c}}{\~o}es em Java e C++},
	author={Ziviani, Nivio},
	year={2010},
	publisher={Cengage Learning}
}

@book{KleinbergAndTardos2006,
	title={Algorithm Design},
	author={Kleinberg, Jon and Tardos, {\'E}va},
	year={2006},
	publisher={Pearson Education India}
}

@book{Goldbarg2AndGoldbarg2012,
	title={Grafos: Conceitos, algoritmos e aplica{\c{c}}{\~o}es},
	author={Goldbarg, Marco and Goldbarg, Elizabeth},
	year={2012},
	publisher={Elsevier}
}

@article{Dijkstra1959,
	title={A note on two problems in connexion with graphs},
	author={Dijkstra, Edsger W},
	journal={Numerische mathematik},
	volume={1},
	number={1},
	pages={269--271},
	year={1959},
	publisher={Springer}
}